@ARTICLE{8718377,
  author={Georgiou, Tryphon T. and Jabbari, Faryar and Smith, Malcolm C.},
  journal={IEEE Transactions on Automatic Control}, 
  title={Principles of Lossless Adjustable One-Ports}, 
  year={2020},
  volume={65},
  number={1},
  pages={252-262},
  doi={10.1109/TAC.2019.2917853},
  keyword= "Georgiou" }

@book{ubt_epub6809,
         address = {Bayreuth},
           title = {Extended Abstracts presented at the 25th International Symposium on Mathematical Theory of Networks and Systems MTNS 2022 : held 12-16 September 2022 in Bayreuth, Germany},
          editor = {Michael Heinrich Baumann and Lars Gr{\"u}ne and Birgit Jacob and Karl Worthmann},
            note = {The accepted full papers that were presented at the conference are published in IFAC PapersOnline https://www.sciencedirect.com/journal/ifacpapersonline/vol/55/issue/30.},
            year = {2022},
            pages={350-353},
             url = {https://epub.uni-bayreuth.de/id/eprint/6809/},
        keywords = {Port-Hamiltonian systems; control of PDEs; learning; portfolio selection; stochastic systems; optimal control; predictive control; turnpike property; dissipativity}
}


@ARTICLE{LUCAS,
  author={Lukas Gaudiesius and Tryphon T. Georgiou and Neil E. Houghton and Smith, Malcolm C. },
  journal={25th International Symposium on Mathematical Theory of Networks and Systems Bayreuth, Germany, 12-16 September 2022.}, 
  title={Mechanical realisation of a lossless adjustable two-port transformer,}, 
  pages={350-353},
  url={https://epub.uni-bayreuth.de/id/eprint/6809/},
   }

@Manual{encoder,
  title        = {RE30E Catalog},
  number       = {RE30E},
  organization = {Nidec Components},
  url          = {https://www.nidec-components.com/e/catalog/rotary-encoder/re30e.pdf},
}

@techreport{MKFIFO,
type = "",
number = {IEEE Std 1003.1-2017},
title = { "mkfifo, mkfifoat - make a FIFO special file"},
institution = {IEEE and The Open Group},
url={https://pubs.opengroup.org/onlinepubs/9699919799/functions/mkfifo.html}

}

@article{wind,
author = {Husain, Mohammed and Tariq, Abu},
year = {2013},
month = {11},
pages = {1805-1811},
title = {Modeling of a standalone wind-PV hybrid generation system using MATLAB/SIMULINK and its performance analysis},
volume = {4},
journal = {International Journal of Scientific & Engineering Research}
}

@misc{evans,
 title={POWER TRANSMISSION DEVICE},
 author={Paul W. Knauff and William Evans},
 year={U.S. Patent US759873A, 17 May 1904}
 }

@article{pulleyCVT,
author = {Matijevic, Dejan and IvankoviÄ‡, Ivan and Popovic, Vladimir},
year = {2015},
month = {01},
pages = {51-59},
title = {Modern design and control of automatic transmission and the prospects of development},
volume = {13},
journal = {Istrazivanja i projektovanja za privredu},
doi = {10.5937/jaes13-7727}
}